<?xml version="1.0" encoding="UTF-8"?><collection xmlns="http://www.loc.gov/MARC21/slim"><record><leader>00506nam--2200181-i-4500</leader><controlfield tag="001">000037871</controlfield><controlfield tag="002">20161230</controlfield><controlfield tag="005">20161230201041</controlfield><controlfield tag="008">060222s1000------------r-----000-0-eng-d</controlfield><datafield ind1=" " ind2=" " tag="040"><subfield code="a">IFIN-HH</subfield></datafield><datafield ind1=" " ind2=" " tag="080"><subfield code="a">519.283</subfield></datafield><datafield ind1="1" ind2=" " tag="100"><subfield code="a">Rapoport, Anatol</subfield></datafield><datafield ind1="1" ind2="0" tag="245"><subfield code="a">Two-person game theory. the essentials ideas</subfield><subfield code="c">Anatol rapoport</subfield></datafield><datafield ind1=" " ind2=" " tag="260"><subfield code="a">Ann Arbor</subfield><subfield code="b">The University Of Michigan Press</subfield><subfield code="c">1962</subfield></datafield><datafield ind1=" " ind2=" " tag="300"><subfield code="a">229P</subfield></datafield><datafield ind1=" " ind2=" " tag="490"><subfield code="a">Ann Arbor Science Library</subfield></datafield><datafield ind1=" " ind2=" " tag="852"><subfield code="a">39066</subfield><subfield code="c">519.283</subfield></datafield><datafield ind1=" " ind2=" " tag="CAT"><subfield code="a">Sys</subfield><subfield code="c">20130807</subfield><subfield code="h">164341</subfield></datafield></record></collection>